@inproceedings{stack2020,
  title={2020 Developer Survey, https://insights.stackoverflow.com/survey/2020, aufgerufen am 22.01.2021}
}

@inproceedings{stack2019,
  title={2019 Developer Survey, https://insights.stackoverflow.com/survey/2019, aufgerufen am 22.01.2021}
}